@ONLINE{iplab,
title = {IPLab, 2015.},
howpublished = {\url{http://iplab.dmi.unict.it/}}
}
